<?xml version="1.0" encoding="UTF-8"?>
<record xmlns="http://www.loc.gov/MARC21/slim" xmlns:xsi="http://www.w3.org/2001/XMLSchema-instance" xsi:schemaLocation="http://www.loc.gov/MARC21/slim http://www.loc.gov/standards/marcxml/schema/MARC21slim.xsd">
<leader>00000nam a2200253 a 4500</leader>
<controlfield tag="001">000765349</controlfield>
<controlfield tag="003">NNU</controlfield>
<controlfield tag="005">20141217111511.0</controlfield>
<controlfield tag="008">020624s1962    iq ah        f000 0 ara d</controlfield>
<datafield tag="035" ind1="9" ind2=" ">
<subfield code="a">NYUb12561626</subfield>
</datafield>
<datafield tag="035" ind1=" " ind2=" ">
<subfield code="a">(CStRLIN)NYUG02-B2398</subfield>
</datafield>
<datafield tag="040" ind1=" " ind2=" ">
<subfield code="a">StEdU</subfield>
<subfield code="c">StEdU</subfield>
</datafield>
<datafield tag="066" ind1=" " ind2=" ">
<subfield code="c">(3</subfield>
<subfield code="c">(4</subfield>
</datafield>
<datafield tag="090" ind1=" " ind2=" ">
<subfield code="a">PJ7737</subfield>
<subfield code="b">.A9</subfield>
</datafield>
<datafield tag="100" ind1="1" ind2=" ">
<subfield code="6">880-01</subfield>
<subfield code="a">ʻAwwād, Mīkhāʼīl.</subfield>
</datafield>
<datafield tag="245" ind1="1" ind2="0">
<subfield code="6">880-02</subfield>
<subfield code="a">Alf laylah wa-laylah :</subfield>
<subfield code="b">mirʼāt al-ḥaḍārah wa-al-mujtamaʻ fī al-ʻaṣr al-Islāmī /</subfield>
<subfield code="c">taʼlīf Mīkhāʼīl ʻAwwād.</subfield>
</datafield>
<datafield tag="260" ind1=" " ind2=" ">
<subfield code="6">880-03</subfield>
<subfield code="a">[Baghdād] :</subfield>
<subfield code="b">Mudīrīyat al-Funūn wa-al-Thaqāfah al-Shaʻbi̲yah bi-Wizārat al-Irshād,</subfield>
<subfield code="c">1962.</subfield>
</datafield>
<datafield tag="300" ind1=" " ind2=" ">
<subfield code="a">66 p.;</subfield>
<subfield code="b">ill., facsims.</subfield>
</datafield>
<datafield tag="490" ind1="0" ind2=" ">
<subfield code="6">880-04</subfield>
<subfield code="a">Silsilat al-thaqafah al-shaʻbīyah ;</subfield>
<subfield code="v">46</subfield>
</datafield>
<datafield tag="630" ind1="0" ind2="0">
<subfield code="a">Arabian nights.</subfield>
</datafield>
<datafield tag="880" ind1="1" ind2=" ">
<subfield code="6">100-01/</subfield>
<subfield code="a">عواد،ميخائيل.</subfield>
</datafield>
<datafield tag="880" ind1="1" ind2="0">
<subfield code="6">245-02/</subfield>
<subfield code="a">الف ليلة وليلة :</subfield>
<subfield code="b">مرآة الحضارة والمجتمع في العصر الإسلامي /</subfield>
<subfield code="c">تأليف ميخائيل عواد.</subfield>
</datafield>
<datafield tag="880" ind1=" " ind2=" ">
<subfield code="6">260-03/</subfield>
<subfield code="a">[بغداد] :</subfield>
<subfield code="b">مديرية الفنون والثقافة الشعبية بوزارة الإرشاد،</subfield>
<subfield code="c">١٩٦٢.</subfield>
</datafield>
<datafield tag="880" ind1="0" ind2=" ">
<subfield code="6">490-04/</subfield>
<subfield code="a">سلسلة الثقافة الشعبية ؛</subfield>
<subfield code="v">٤٦</subfield>
</datafield>
<datafield tag="OWN" ind1=" " ind2=" ">
<subfield code="a">GENERAL</subfield>
</datafield>
<datafield tag="998" ind1=" " ind2=" ">
<subfield code="a">20020624</subfield>
<subfield code="d">20020624</subfield>
<subfield code="n">NNU</subfield>
<subfield code="s">1</subfield>
<subfield code="t">c</subfield>
<subfield code="z">p</subfield>
</datafield>
<datafield tag="AVA" ind1=" " ind2=" ">
<subfield code="a">NYU50</subfield>
<subfield code="b">BOBST</subfield>
<subfield code="c">Main Collection</subfield>
<subfield code="d">PJ7737 .A9</subfield>
<subfield code="e">unavailable</subfield>
<subfield code="t">Unavailable</subfield>
<subfield code="f">1</subfield>
<subfield code="g">1</subfield>
<subfield code="h">N</subfield>
<subfield code="i">1</subfield>
<subfield code="j">MAIN</subfield>
<subfield code="k">0</subfield>
</datafield>
</record>
